%% This BibTeX bibliography file was created using BibDesk.
%% http://bibdesk.sourceforge.net/

%% Created for Kharbuja, Rajendra at 2015-10-25 14:18:11 +0100 


%% Saved with string encoding Unicode (UTF-8) 



@techreport{Cockburn:2001aa,
	Author = {Alistair Cockburn},
	Date-Added = {2015-10-25 13:17:01 +0000},
	Date-Modified = {2015-10-25 13:18:08 +0000},
	Institution = {Addison-Wesley},
	Title = {WRITING EFFECTIVE USE CASES},
	Year = {2001}}

@book{Weill:1998aa,
	Author = {Peter Weill and Marianne Broadbent},
	Date-Added = {2015-10-25 09:26:00 +0000},
	Date-Modified = {2015-10-25 09:27:44 +0000},
	Publisher = {Harvard Business School Press},
	Title = {Leveraging The New Infrastructure: How Market Leaders Capitalize on Information Technology},
	Year = {1998}}

@book{Keen:2015aa,
	Author = {Peter G.W. Keen},
	Date-Added = {2015-10-25 09:23:51 +0000},
	Date-Modified = {2015-10-25 09:25:49 +0000},
	Publisher = {Harvard Business School Press},
	Title = {Shaping The Future of Business Design Through Information Technology},
	Year = {1991}}

@techreport{Rolland:2015aa,
	Author = {Colette Rolland and Rim Samia Kaabi and Naoufel Kraiem},
	Date-Added = {2015-10-23 12:42:48 +0000},
	Date-Modified = {2015-10-23 12:44:52 +0000},
	Institution = {Universit{\'e} Paris},
	Title = {On ISOA: Intentional Services Oriented Architecture},
	Year = {np}}

@techreport{Steghuis:2006aa,
	Author = {Claudia Steghuis},
	Date-Added = {2015-10-21 16:46:43 +0000},
	Date-Modified = {2015-10-21 16:48:02 +0000},
	Institution = {University of Twente},
	Title = {Service Granularity in SOA Projects: A Trade-off Analysis},
	Year = {2006}}

@techreport{Naveen-Kulkarni:2008aa,
	Author = {Naveen Kulkarni, Vishal Dwivedi},
	Date-Added = {2015-10-21 16:44:40 +0000},
	Date-Modified = {2015-10-21 16:45:08 +0000},
	Institution = {SETLabs, Infosys Technologies Ltd},
	Title = {The Role of Service Granularity in A Successful SOA Realization -- A Case Study},
	Year = {2008}}

@techreport{Abdelkarim-Erradi:2006aa,
	Author = {Abdelkarim Erradi and Sriram Anand and Naveen Kulkarni},
	Date-Added = {2015-10-21 16:39:27 +0000},
	Date-Modified = {2015-10-22 09:35:51 +0000},
	Institution = {University of New South Wales, Infosys Technologies Ltd},
	Title = {SOAF: An Architectural Framework for Service Definition and Realization},
	Year = {2006}}

@techreport{Sims:2005aa,
	Author = {Oliver Sims},
	Date-Added = {2015-10-21 16:36:40 +0000},
	Date-Modified = {2015-10-21 16:37:38 +0000},
	Institution = {CBDI},
	Title = {Developing the architectural framework for SOA - part 2-service granularity and dependency management. CBDI Forum Journal},
	Year = {2005}}

@techreport{Zhongjie-Wang:2005aa,
	Author = {Zhongjie Wang and Xiaofei Xu and Dechen Zhan},
	Date-Added = {2015-10-21 16:29:17 +0000},
	Date-Modified = {2015-10-22 09:35:41 +0000},
	Institution = {International Journal of Information Technology},
	Title = {A Survey of Business Component Identification Methods and Related Techniques},
	Year = {2005}}

@book{Hafedh-Mili:2001aa,
	Author = {Hafedh Mili and Ali Mili and Sherif Yacoub and Edward Addy},
	Date-Added = {2015-10-21 16:26:26 +0000},
	Date-Modified = {2015-10-22 09:42:22 +0000},
	Publisher = {Wiley-Interscience New York},
	Title = {Reuse-based software engineering: techniques, organization, and controls},
	Year = {2001}}

@techreport{Bingu-Shim:2008aa,
	Author = {Bingu Shim and Siho Choue and Suntae Kim and Sooyong Park},
	Date-Added = {2015-10-21 16:22:39 +0000},
	Date-Modified = {2015-10-22 09:36:11 +0000},
	Institution = {Sogang University},
	Title = {A Design Quality Model for Service-Oriented Architecture},
	Year = {2008}}

@techreport{Mikhail-Perepletchikov:2015aa,
	Author = {Mikhail Perepletchikov and Caspar Ryan and Keith Frampton and Zahir Tari},
	Date-Added = {2015-10-21 16:19:35 +0000},
	Date-Modified = {2015-10-22 09:36:27 +0000},
	Institution = {RMIT University},
	Title = {Coupling Metrics for Predicting Maintainability in Service-Oriented Designs},
	Year = {np}}

@techreport{Xiao-jun:2015aa,
	Author = {Wang Xiao-jun},
	Date-Added = {2015-10-21 16:06:57 +0000},
	Date-Modified = {2015-10-21 16:17:09 +0000},
	Institution = {Nanjing University of Posts and Telecommunications},
	Title = {Metrics for Evaluating Coupling and Service Granularity in Service Oriented Architecture},
	Year = {np}}

@techreport{Pierre-Reldin:2007aa,
	Author = {Pierre Reldin and Peter Sundling},
	Date-Added = {2015-10-21 15:59:18 +0000},
	Date-Modified = {2015-10-22 09:36:00 +0000},
	Institution = {Link{\"o}ping University},
	Title = {Explaining SOA Service Granularity-- How IT-strategy shapes services},
	Year = {2007}}

@article{Lawrence-Wilkes:2004aa,
	Author = {Lawrence Wilkes and Richard Veryard},
	Date-Added = {2015-10-21 15:55:23 +0000},
	Date-Modified = {2015-10-22 09:43:24 +0000},
	Journal = {np},
	Title = {Service-Oriented Architecture: Considerations for Agile Systems},
	Url = {https://msdn.microsoft.com/en-us/library/aa480028.aspx#aj2service_topic8},
	Year = {2004},
	Bdsk-Url-1 = {https://msdn.microsoft.com/en-us/library/aa480028.aspx#aj2service_topic8}}

@webpage{Foody:2005aa,
	Author = {Dan Foody},
	Date-Added = {2015-10-21 15:51:18 +0000},
	Date-Modified = {2015-10-22 09:44:42 +0000},
	Journal = {np},
	Title = {Getting web service granularity right},
	Url = {http://www.soa-zone.com/index.php?/archives/11-Getting-web-servicegranularity-right.html},
	Year = {2005},
	Bdsk-Url-1 = {http://www.soa-zone.com/index.php?/archives/11-Getting-web-servicegranularity-right.html}}

@techreport{Padmal-Vitharana:2004aa,
	Author = {Padmal Vitharana, Hemant Jain, Fatemeh Zahedi},
	Date-Added = {2015-10-21 15:48:28 +0000},
	Date-Modified = {2015-10-21 15:50:05 +0000},
	Institution = {IEEE},
	Title = {Strategy-Based Design of Reusable Business Components},
	Year = {2004}}

@book{Peter-Herzum:2000aa,
	Author = {Peter Herzum and Oliver Sims},
	Date-Added = {2015-10-21 15:41:46 +0000},
	Date-Modified = {2015-10-22 09:41:57 +0000},
	Publisher = {John Wiley & Sons},
	Title = {Business Components Factory: A Comprehensive Overview of Component-Based Development for the Enterprise},
	Year = {2000}}

@techreport{Raf-Haesen:2015aa,
	Author = {Raf Haesen and Monique Snoeck and Wilfried Lemahieu and Stephan Poelmans},
	Date-Added = {2015-10-21 15:34:24 +0000},
	Date-Modified = {2015-10-22 09:36:46 +0000},
	Institution = {Katholieke Universiteit Leuven},
	Title = {On the Definition of Service Granularity and Its Architectural Impact},
	Year = {np}}

@webpage{Linthicum:2015aa,
	Author = {David Linthicum},
	Date-Added = {2015-10-21 15:30:02 +0000},
	Date-Modified = {2015-10-22 09:45:33 +0000},
	Institution = {Microsoft},
	Journal = {microsoft},
	Title = {Service Oriented Architecture (SOA)},
	Url = {https://msdn.microsoft.com/en-us/library/bb833022.aspx},
	Year = {np},
	Bdsk-Url-1 = {https://msdn.microsoft.com/en-us/library/bb833022.aspx}}
